@InProceedings{aesthetic,
  author    =   {Purchase, Helen},
  booktitle =   {Graph Drawing},
  title     =   {Which aesthetic has the greatest effect on human understanding?},
  year      =   {1997},
  publisher =   {Springer Berlin Heidelberg},
  pages     =   {248--261},
  doi       =   {10.1007/3-540-63938-1\_67}
}

@book{Visualization,
  title     =   {Graph Drawing: Algorithms for the Visualization of Graphs},
  author    =   {Di Battista, G.},
  series    =   {An Alan R. Apt Book},
  year      =   {1999},
  publisher =   {Prentice Hall},
}

@article{queue_layout,
  author    =   {Heath, Lenwood S. and Rosenberg, Arnold L.},
  title     =   {Laying Out Graphs Using Queues},
  journal   =   {SIAM Journal on Computing},
  volume    =   {21},
  number    =   {5},
  pages     =   {927-958},
  year      =   {1992},
  doi       =   {10.1137/0221055},
}

@InProceedings{sat_book_embedding,
  author    =   {Bekos, Michael A. and Kaufmann, Michael and Zielke, Christian},
  title     =   {The Book Embedding Problem from a SAT-Solving Perspective},
  booktitle =   {Graph Drawing and Network Visualization},
  year      =   {2015},
  publisher =   {Springer International Publishing},
  pages     =   {125--138},
  doi       =   {10.1007/978-3-319-27261-0\_11} 
}

@inproceedings{book_thickness,
  title     =   {On the book thicknesses of various graphs},
  author    =   {Ollmann, L Taylor},
  booktitle =   {Proc. 4th Southeastern Conference on Combinatorics, Graph Theory and Computing},
  volume    =   {8},
  pages     =   {459},
  year      =   {1973}
}

@misc{track_layout,
  title     =   {Track Layouts of Graphs}, 
  author    =   {Vida Dujmovic and Attila Por and David R. Wood},
  year      =   {2004},
  eprint    =   {cs/0407033},
  archivePrefix={arXiv},
  primaryClass ={cs.DM},
}

@article{conjunction,
  author    =   {Plaisted, David A. and Greenbaum, Steven},
  title     =   {A Structure-Preserving Clause Form Translation},
  year      =   {1986},
  issue_date=   {Sept. 1986},
  publisher =   {Academic Press, Inc.},
  address   =   {USA},
  volume    =   {2},
  number    =   {3},
  doi       =   {10.1016/S0747-7171(86)80028-1},
  journal   =   {J. Symb. Comput.},
  month     =   {sep},
  pages     =   {293–304},
  numpages  =   {12}
}

@InProceedings{asymmetric,
  author    =   {Velev, Miroslav N. and Gao, Ping},
  title     =   {Efficient SAT Techniques for Relative Encoding of Permutations with Constraints},
  booktitle =   {AI 2009: Advances in Artificial Intelligence},
  year      =   {2009},
  publisher =   {Springer Berlin Heidelberg},
  address   =   {Berlin, Heidelberg},
  pages     =   {517--527},
  doi       =   {10.1007/978-3-642-10439-8\_52}
}

@inproceedings{PySAT,
  author    =   {Alexey Ignatiev and Antonio Morgado and Joao Marques{-}Silva},
  title     =   {{PySAT:} {A} {Python} Toolkit for Prototyping with {SAT} Oracles},
  booktitle =   {SAT},
  pages     =   {428--437},
  year      =   {2018},
  doi       =   {10.1007/978-3-319-94144-8\_26}
}

@book{Sat_solving,
  title     =   {Handbook of Satisfiability: Second Edition},
  author    =   {Biere, A. and Heule, M. and van Maaren, H.},
  series    =   {Frontiers in Artificial Intelligence and Applications},
  year      =   {2021},
  publisher =   {IOS Press}
}

@InProceedings{book_embedding_sat,
  author    =   {Bekos, Michael A. and Kaufmann, Michael and Zielke, Christian},
  title     =   {The Book Embedding Problem from a SAT-Solving Perspective},
  booktitle =   {Graph Drawing and Network Visualization},
  year      =   {2015},
  publisher =   {Springer International Publishing},
  address   =   {Cham},
  pages     =   {125--138},
  doi       =   {10.1007/978-3-319-27261-0\_11}
}

@BOOK{SAT_Complexity,
  author       = {Schöning, Uwe},
  title        = {{T}heoretische {I}nformatik - kurz gefasst; 5. {A}uflage},
  address      = {Heidelberg},
  publisher    = {Spektrum Akademischer Verlag},
  reportid     = {ERESRWTH-2021-00037},
  isbn         = {9783827418241},
  series       = {HochschulTaschenbuch},
  year         = {2008},
}

@inproceedings{LingeLing,
  title     =   {Lingeling, Plingeling, PicoSAT and PrecoSAT at SAT Race 2010},
  author    =   {Armin Biere},
  year      =   {2010},
  doi       =   {10.35011/fmvtr.2010-1}
}

@Misc{Benchmark,
        author       = {Di~Bartolomeo, Sara and Puerta, Eduardo and Wilson, Connor and Crnovrsanin, Tarik and Dunne, Cody},
        howpublished = {Under submission to Graph Drawing Posters},
        title        = {A collection of benchmark datasets for evaluating graph layout algorithms},
        year         = {2023},
        url          = {https://visdunneright.github.io/gd_benchmark_sets/},
    }

@article{Rome_Lib, 
doi = {10.1016/s0925-7721(96)00005-3}, 
url = {https://doi.org/10.1016/s0925-7721(96)00005-3}, 
year = {1997}, 
month = apr, 
publisher = {Elsevier {BV}}, 
volume = {7}, 
number = {5-6}, 
pages = {303--325}, 
author = {Giuseppe Di Battista and Ashim Garg and Giuseppe Liotta and Roberto Tamassia and Emanuele Tassinari and Francesco Vargiu}, title = {An experimental comparison of four graph drawing algorithms}, 
journal = {Computational Geometry} }

@unpublished{courcelle:hal-03668884,
  TITLE = {{On using SAT solvers for graph computations}},
  AUTHOR = {Courcelle, B and Durand, Ir{\`e}ne A.},
  URL = {https://hal.science/hal-03668884},
  NOTE = {working paper or preprint},
  YEAR = {2022},
  MONTH = May,
  PDF = {https://hal.science/hal-03668884/file/sat7.dvi.pdf},
  HAL_ID = {hal-03668884},
  HAL_VERSION = {v1},
}

@INPROCEEDINGS{decomposing,
  author={Zhao, Wenting and Liffiton, Mark and Jeavons, Peter and Roberts, Dan},
  booktitle={2017 IEEE 29th International Conference on Tools with Artificial Intelligence (ICTAI)}, 
  title={Finding Graph Decompositions via SAT}, 
  year={2017},
  volume={},
  number={},
  pages={131-138},
  keywords={Encoding;Tools;Search problems;Standards;Space vehicles;Mathematics;Artificial intelligence;graph decomposition;satisfiability;boolean sat;cnf encoding;symmetry breaking;block designs;combinatorics},
  doi={10.1109/ICTAI.2017.00031}}

@book{graph_definition,
  title={Introduction to Graph Theory},
  author={Trudeau, R.J.},
  isbn={9780486678702},
  lccn={lc93032996},
  series={Dover Books on Mathematics},
  url={https://books.google.de/books?id=NunuAAAAMAAJ},
  year={1993},
  publisher={Dover Pub.}
}

@Inbook{layot_definition,
author="Hu, Yifan
and N{\"o}llenburg, Martin",
title="Graph Visualization",
bookTitle="Encyclopedia of Big Data Technologies",
year="2019",
publisher="Springer International Publishing",
address="Cham",
pages="904--912",
isbn="978-3-319-77525-8",
doi="10.1007/978-3-319-77525-8\_324",
}
